|0000|007|6|01012013|31122013|EMPRESA MATRIZ PARA TESTES|00000000000191||53||5300108|||A|1|
|0001|0|
|0005|EMPRESA PARA TESTES|70000000|LOGRADOURO EMPRESA|1|COMPLEMENTO|BAIRRO|6130000000|6130000000|testes@empresateste.com|
|0100|TESTE PESSOA FISICA|11111111111|666999||00000000|||||||pf@gmail.com|0000000|
|0150|C1|TESTE PESSOA FISICA|01058||11111111111||5300108||LOGRADOURO PESSOA FISICA|2|COMPLEMENTO|BAIRRO|
|0190|1|UN|
|0190|2|UN|
|0200|1|PRODUTO 01 DO SUBGRUPO 01 DO GRUPO 01|7896019606226||1|00|17049010||17||17,00|
|0220|0|0,000000|
|0200|2|PRODUTO 01 DO SUBGRUPO 02 DO GRUPO 01|7897975018016||2|00|48234000||48||15,00|
|0220|0|0,000000|
|0200|3|AMOX+CLAVUL POT 875+125MG C/14 COMP GL|7894916143868||1|00|30041012||30||0,00|
|0200|4|CENEVIT 200MG GOTAS FR 30ML|7896004720333||1|00|30045090||30||0,00|
|0400|1|VENDA|
|0400|2|VENDA|
|0400|3|VENDA|
|0400|4|VENDA|
|0400|5|VENDA|
|0400|6|PRESTACAO DE SERVICO|
|0400|7|PRESTACAO DE SERVICO|
|0990|21|
|C001|0|
|C100|0|0|F1|55|02|1|229074|41100804831217000102550010002290747977982376|||237,06||||200,60|||||200,60|24,07|504,44|36,46||||||
|C170|1|7896019606226|ALGESTONA ACET+ENANTATO ESTRADIOL GL|2,00000|0|5,24|0,00|0|000|5403|0|0,00|0,00|0,00|0,00|0,00|0,00|0|||0,00|0,00|0,00||0,00|0,00|0,00|0,00|0,00||0,00|0,00|0,00|0,00|0,00||
|C170|2|7894916143868|AMOX+CLAVUL POT 875+125MG C/14 COMP GL|1,00000|0|23,77|0,00|0|000|5403|0|0,00|0,00|0,00|0,00|0,00|0,00|0|||0,00|0,00|0,00||0,00|0,00|0,00|0,00|0,00||0,00|0,00|0,00|0,00|0,00||
|C170|3|7896004720333|CENEVIT 200MG GOTAS FR 30ML|2,00000|0|4,94|0,00|0|000|5403|0|0,00|0,00|0,00|0,00|0,00|0,00|0|||0,00|0,00|0,00||0,00|0,00|0,00|0,00|0,00||0,00|0,00|0,00|0,00|0,00||
|C170|13|7897975018016|LOSARTANA POTASSICA 50MG C/30 COMP GL|4,00000|0|28,92|0,00|0|000|5403|0|0,00|0,00|0,00|0,00|0,00|0,00|0|||0,00|0,00|0,00||0,00|0,00|0,00|0,00|0,00||0,00|0,00|0,00|0,00|0,00||
|C190|010|5403|12,00|62,87|62,87|7,54|158,98|11,54|0,00|0,00||
|C100|1|0|F0|55|02|001|000000001|53130800000000000191550010000000011000000011|||||||||||||||||||||
|C990|9|
|D001|1|
|D990|2|
|E001|0|
|E100|01012013|31122013|
|E110|0,00|0,00|0,00|0,00|0,00|0,00|0,00|0,00|0,00|0,00|0,00|0,00|0,00|0,00|
|E116|000|0,00|31122013|1||||||
|E990|5|
|G001|1|
|G990|2|
|H001|1|
|H990|2|
|1001|0|
|1010|N|N|N|N|N|N|N|N|N|
|1990|3|
|9001|0|
|9900|0000|1|
|9900|0001|1|
|9900|0005|1|
|9900|0100|1|
|9900|0150|1|
|9900|0190|2|
|9900|0200|4|
|9900|0220|2|
|9900|0400|7|
|9900|0990|1|
|9900|C001|1|
|9900|C100|2|
|9900|C170|4|
|9900|C190|1|
|9900|C990|1|
|9900|D001|1|
|9900|D990|1|
|9900|E001|1|
|9900|E100|1|
|9900|E110|1|
|9900|E116|1|
|9900|E990|1|
|9900|G001|1|
|9900|G990|1|
|9900|H001|1|
|9900|H990|1|
|9900|1001|1|
|9900|1010|1|
|9900|1990|1|
|9900|9001|1|
|9900|9900|33|
|9900|9990|1|
|9900|9999|1|
|9990|36|
|9999|80|
